\begin{thebibliography}{}

@misc{efsa,
      author = "European Food Safety Authority",
      title = "The food classification and description system FoodEx 2",
      month = "Desember",
      year = "2011",
      howpublished = "\url{http://www.efsa.europa.eu/sites/default/files/scientific_output/files/main_documents/215e.pdf}",
      url = "http://www.efsa.europa.eu/sites/default/files/scientific_output/files/main_documents/215e.pdf"
},
@misc{vivino,
      author = "Elías Christian Lundström",
      title = "Startup-land: Iværksættere bag appen Vivino ved ikke »en skid om vin«",
      month = "Desember",
      year = "2012",
      howpublished = "\url{http://www.version2.dk/artikel/ivaerksaettere-bag-appen-vivino-vi-ved-ikke-en-skid-om-vin-71940}",
      url = "http://www.version2.dk/artikel/ivaerksaettere-bag-appen-vivino-vi-ved-ikke-en-skid-om-vin-71940"
},
@misc{untappd,
      author = "Tim and Greg",
      title = "Untappd is 1,000,000 strong and growing!",
      month = "Januar",
      year = "2014",
      howpublished = "\url{http://blog.untappd.com/post/73638076039/untappd-is-1000000-strong-and-growing}",
      url = "http://blog.untappd.com/post/73638076039/untappd-is-1000000-strong-and-growing"
},
@book{elementsofux,
  author    = "Jesse James Garrett",
  title     = "The elements of user experience", 
  publisher = "New Riders", 
  edition   = "2",
  year      = "2011",
  isbn      = "978-0-321-68368-7"
},

@article{usecase,
  author  = "Gary Randolph", 
  title   = "Use-Cases and Personas: A Case Study in Light-Weight User Interaction Design for Small Development Projects",
  journal = "Informing Science",
  year    = "2004",
  pages   = "105-116",
  volume  = "7",
  howpublished = "\url{http://inform.nu/Articles/Vol7/v7p105-116-175.pdf}"
},

@book{usability,
  author    = "Jakob Nielsen",
  title     = "Usability Engineering", 
  publisher = "Academic Press Inc", 
  year      = "1994",
  isbn      = "0125184069"
},


\end{thebibliography}
