
\begin{thebibliography}{}

@misc{idc,
      author = "IDC Research",
      title = "Smartphone OS Market SHare, 2016 Q2",
      month = "",
      year = "2016",
      howpublished = "\url{https://www.idc.com/prodserv/smartphone-os-market-share.jsp}",
      url = "https://www.idc.com/prodserv/smartphone-os-market-share.jsp"
},
@misc{pingdom,
      author = "Pingdom",
      title = "75\% of top 10k websites served by open source software",
      month = "May",
      year = "2012",
      howpublished = "\url{http://royal.pingdom.com/2012/05/22/75-percent-top-10k-websites-served-by-open-source-software/}",
      url = "http://royal.pingdom.com/2012/05/22/75-percent-top-10k-websites-served-by-open-source-software/"
},
@misc{cern,
      author = "Tim Smith, Francois Fluckiger",
      title = "Licensing the web",
      month = "December",
      year = "2013",
      howpublished = "\url{https://home.cern/topics/birth-web/licensing-web}",
      url =
      "https://home.cern/topics/birth-web/licensing-web"
},


@misc{fsf,
      author = "Free Software Foundation",
      title = "About",
      month = "",
      year = "",
      howpublished = "\url{http://www.fsf.org/about}",
      url = "http://www.fsf.org/about"
},

@misc{catb,
      author = "Eric S. Raymond",
      title = "The Cathedral and the Bazaar",
      month = "September",
      year = "2000",
      howpublished = "\url{http://www.catb.org/~esr/writings/cathedral-bazaar/cathedral-bazaar/}",
      url = "http://www.catb.org/~esr/writings/cathedral-bazaar/cathedral-bazaar/"
},
@misc{osi,
      author = "Open Source Initative",
      title = "History",
      month = "",
      year = "",
      howpublished = "\url{https://opensource.org/history}",
      url = "https://opensource.org/history"
},
@misc{fsf-license-list,
      author = "GNU Operating System",
      title = "Various Licenses and Comments about Them",
      month = "",
      year = "",
      howpublished = "\url{https://www.gnu.org/licenses/license-list.html}",
      url = "https://www.gnu.org/licenses/license-list.html"
},
@misc{osi-license-list,
      author = "Open Source Initative",
      title = "Licenses & Standards",
      month = "",
      year = "",
      howpublished = "\url{https://opensource.org/licenses}",
      url = "https://opensource.org/licenses"
},

@misc{git,
      author = "Github",
      title = "Git",
      month = "",
      year = "",
      howpublished = "\url{https://github.com/git/git}",
      url = "https://github.com/git/git"
},


@misc{github-about,
      author = "Github",
      title = "About",
      month = "",
      year = "",
      howpublished = "\url{https://github.com/about}",
      url = "https://github.com/about"
},


@misc{git-flow,
      author = "Vincent Driessen",
      title = "A successful Git branching model",
      month = "January",
      year = "2010",
      howpublished = "\url{http://nvie.com/posts/a-successful-git-branching-model/}",
      url = "http://nvie.com/posts/a-successful-git-branching-model/"
},

@misc{jenkins,
      author = "Jenkins",
      title = "Jenkins",
      month = "",
      year = "",
      howpublished = "\url{https://jenkins.io}",
      url = "https://jenkins.io"
},

@misc{travis,
      author = "Travis",
      title = "Travis",
      month = "",
      year = "",
      howpublished = "\url{https://travis-ci.org}",
      url = "https://travis-ci.org"
},

@misc{buildbot,
      author = "Buildbot",
      title = "Buildbot",
      month = "",
      year = "",
      howpublished = "\url{http://buildbot.net}",
      url = "http://buildbot.net"
},

@misc{about-tor,
      author = "The Tor Project",
      title = "About",
      month = "",
      year = "",
      howpublished = "\url{https://www.torproject.org/about/overview.html.en}",
      url = "https://www.torproject.org/about/overview.html.en"
},

@misc{packagemanager,
      author = "Ian Murdock",
      title = "How package management changed everything",
      month = "July",
      year = "2007",
      howpublished = "\url{http://ianmurdock.debian.net/index.html%3Fp=437.html}",
      url = "http://ianmurdock.debian.net/index.html%3Fp=437.html"
},

@misc{irc,
      author = "Google Summer of Code",
      title = "IRC: Internet Relay Chat",
      month = "February",
      year = "2016",
      howpublished = "\url{https://developers.google.com/open-source/gsoc/resources/irc}",
      url = "https://developers.google.com/open-source/gsoc/resources/irc"
},
@misc{fosdem,
      author = "FOSDEM",
      title = "FOSDEM",
      month = "",
      year = "",
      howpublished = "\url{https://fosdem.org/2017/}",
      url = "https://fosdem.org/2017/"
},

@misc{history-of-linux,
      author = "Wikipedia",
      title = "History of Linux",
      month = "",
      year = "",
      howpublished = "\url{https://en.wikipedia.org/wiki/History_of_Linux}",
      url = "https://en.wikipedia.org/wiki/History_of_Linux"
},

@misc{linux-maintainer,
      author = "Greg Kroah-Hartman",
      title = "I don't want your code",
      month = "March",
      year = "2013",
      howpublished = "\url{https://github.com/gregkh/presentation-linux-maintainer/blob/master/maintainer.pdf}",
      url = "https://github.com/gregkh/presentation-linux-maintainer/blob/master/maintainer.pdf"
},

@misc{linux-49,
      author = "Linux Torvalds",
      title = "Linux 4.9",
      month = "March",
      year = "2013",
      howpublished = "\url{https://lwn.net/Articles/708766/}",
      url = "https://lwn.net/Articles/708766/"
},


@misc{nasa,
      author = "The Linux Foundation",
      title = "Linux Foundation Training prepares the International Space
      Station for Linux Migration",
      month = "",
      year = "",
      howpublished = "\url{https://training.linuxfoundation.org/why-our-linux-training/training-reviews/linux-foundation-training-prepares-the-international-space-station-for-linux-migration}",
      url = "https://training.linuxfoundation.org/why-our-linux-training/training-reviews/linux-foundation-training-prepares-the-international-space-station-for-linux-migration"
},

@misc{pwn2own,
      author = "Zero Day Initiative",
      title = "Pwn2own Contest Rules 2016",
      month = "",
      year = "2016",
      howpublished = "\url{http://zerodayinitiative.com/Pwn2Own2016Rules.html}",
      url = "http://zerodayinitiative.com/Pwn2Own2016Rules.html"
},

@misc{debian,
      author = "Debian",
      title = "A Brief History of Debian",
      month = "April",
      year = "2015",
      howpublished = "\url{https://www.debian.org/doc/manuals/project-history/ch-intro.en.html#s1.1}",
      url = "https://www.debian.org/doc/manuals/project-history/ch-intro.en.html#s1.1}"
},

\end{thebibliography}
