\begin{thebibliography}{}

@misc{usecase,
      author = "Laurie Williams",
      title = "Use Case-based Requirements",
      year = "2014",
      howpublished = "\url{http://agile.csc.ncsu.edu/SEMaterials/UseCaseRequirements.pdf}",
      url = "http://agile.csc.ncsu.edu/SEMaterials/UseCaseRequirements.pdf"
},
@book{usability,
  author    = "Jakob Nielsen",
  title     = "Usability Engineering", 
  publisher = "Academic Press Inc", 
  year      = "1994",
  isbn      = "0125184069"
},
@book{interaction,
 author = {Preece, Jenny and Rogers, Yvonne and Sharp, Helen},
 title = {Beyond Interaction Design: Beyond Human-Computer Interaction},
 year = {2001},
 isbn = {0471402494},
 publisher = {John Wiley \& Sons, Inc.},
 address = {New York, NY, USA},
} 

\end{thebibliography}
